@book{hachtel,
   title =     {Logic Synthesis and Verification Algorithms},
   author =    {Gary D. Hachtel and Fabio Somenzi},
   publisher = {Springer US},
   isbn =      {978-0-7923-9746-5,978-0-306-47592-4},
   year =      {2002},
   series =    {},
   edition =   {1},
   volume =    {},
   url =       {http://gen.lib.rus.ec/book/index.php?md5=c174c921787ea54e9901b679aa89a5fd}
}
@book{micheli,
   title =     {Synthesis and Optimization of Digital Circuits},
   author =    {Giovanni De Micheli},
   publisher = {McGraw-Hill Science/Engineering/Math},
   isbn =      {9780070163331,0070163332},
   year =      {1994},
   series =    {},
   edition =   {1},
   volume =    {},
   url =       {http://gen.lib.rus.ec/book/index.php?md5=79D9C47B4FA06AC365AC4EC12348C796}
}
